5180B65247983701240212      NaN Projectes de Programari Lliure, S.L.                    20590060                                                                  
5380B65247983701240212240212NaN Projectes de Programari Lliure, S.L.20590060212084518352        01                                                                
5680B65247983701000000001234Customer Name Here                      004961136824919232811132549192328160000214040                133 20120017                                    
5880B65247983701                                                                        0000214040      00000000010000000003                                      
5980B65247983701                                                    0001                0000214040      00000000010000000005                                      
