0362B17616756000            001240212240212205948875101234567890        
0362B17616756000            002NaN Projectes de Programari Lliure, S.L. 
0362B17616756000            003Riego, 122 2on 2a                        
0362B17616756000            00408202 Sabadell                           
0456B17616756000                                                        
0656B17616756000B65247983   01000000004328501250002375200615171192      
0656B17616756000B65247983   011Customer Name Here                       
0656B17616756000B65247983   012Customer Street Here                     
0656B17616756000B65247983   014Zip and City                             
0656B17616756000B65247983   015State                                    
0856B17616756000               000000043285000000010000000007           
0962B17616756000               000000043285000000010000000012           
