112059006080003142211111111111202000000052530449782                             
22    0982111111111111030001000000000035600000000000                            
2301REBUT         PARKING EXPENSE                                               
22    0961111111111111120001000000000000700000000000                            
2301OPERAC.TARGET HIGHWAY EXPENSE                                               
22    0961111111111111120001000000000000700000000000                            
2301OPERAC.TARGET HIGHWAY EXPENSE                                               
22    0982111114111114040002000000000032460000000000                            
2301TRANSF. SEPA  CUSTOMER NAME HERE                                            
22    0982111114111114040002000000000787890000000000                            
2301TRANSF. SEPA  CUSTOMER NAME HERE                                            
22    0961111114111114120001000000000200000000000000                            
2301OPERAC.TARGET ANOTHER DESCRIPTION                                           
22    0961111114111114170001000000000008000000000000                            
2301COMISSIO      ANOTHER DESCRIPTION                                           
22    0982111115111115060002000000000711540000000000                            
2301REMESA REBUT  Nº/003434152                                                  
22    0982111115111115170001000000000001530000000000                            
2301COM.CED.REMES Nº/003434152                                                  
22    0961111115111115120001000000000006900000000000                            
2301OPERAC.TARGET DESCRIPTION                                                   
22    0982111116111116030001000000000018310000000000                            
2301R.TELEFONIA   TELEPHONE BILL                                                
22    0961111116111116120001000000000011900000000000                            
2301OPERAC.TARGET RESTAURANT BILL                                               
22    0961111116111116120001000000000053200000000000                            
2301OPERAC.TARGET ANOTHER EXPENSE HERE                                          
22    0982111117111117030001000000000174640000000000                            
2301R.TELEFONIA   TELEPHONE BILL                                                
22    0982111117111117040002000000000504270000000000                            
2301TRANSFERENCIA CUSTOMER PAYMENT                                              
22    0961111117111117120001000000000011900000000000                            
2301OPERAC.TARGET RESTAURANT BILL                                               
22    0961111117111117120001000000000056740000000000                            
2301OPERAC.TARGET ANOTHER EXPENSE HERE                                          
22    0982111118111118030001000000000154170000000000                            
2301R.TELEFONIA   TELEPHONE BILL                                                
22    0961111118111118120001000000000003550000000000                            
2301OPERAC.TARGET HIGHWAY EXPENSE                                               
22    0961111119111119120001000000000003550000000000                            
2301OPERAC.TARGET HIGHWAY EXPENSE                                               
22    0961111119111119120001000000000003550000000000                            
2301OPERAC.TARGET HIGHWAY EXPENSE                                               
22    0961111120111120120001000000000003550000000000                            
2301OPERAC.TARGET HIGHWAY EXPENSE                                               
3320590060800031422100018000000000748490000400000000203616200000005381811978    
88999999999999999999000046                                                      
